<?xml version="1.0" encoding="UTF-8"?><collection xmlns="http://www.loc.gov/MARC21/slim"><record><leader>00315nam--2200133-i-4500</leader><controlfield tag="001">000031965</controlfield><controlfield tag="002">20161230</controlfield><controlfield tag="005">20161230201038</controlfield><controlfield tag="008">060222s1000------------r-----000-0-eng-d</controlfield><datafield ind1=" " ind2=" " tag="020"><subfield code="a">SINTEZA DOCUMENTARA</subfield></datafield><datafield ind1=" " ind2=" " tag="100"><subfield code="a">Meret, S</subfield></datafield><datafield ind1=" " ind2=" " tag="245"><subfield code="a">Mateescu, i</subfield></datafield><datafield ind1=" " ind2=" " tag="260"><subfield code="a">Horodniceanu, L</subfield></datafield><datafield ind1=" " ind2=" " tag="490"><subfield code="a">Bucuresti, I.D.T., 1971. 80p</subfield></datafield></record></collection>